<?xml version="1.0" encoding="UTF-8"?><record xmlns="http://www.loc.gov/MARC21/slim" xmlns:cinclude="http://apache.org/cocoon/include/1.0" xmlns:zs="http://www.loc.gov/zing/srw/">
  <leader>00561nz  a2200133n  4500</leader>
  <controlfield tag="001">no2010066017</controlfield>
  <controlfield tag="003">DLC</controlfield>
  <controlfield tag="005">20100423075202.0</controlfield>
  <controlfield tag="008">100421n| acannaabn          |n ana     c</controlfield>
  <datafield tag="010" ind1=" " ind2=" ">
    <subfield code="a">no2010066017</subfield>
  </datafield>
  <datafield tag="035" ind1=" " ind2=" ">
    <subfield code="a">(OCoLC)oca08468822</subfield>
  </datafield>
  <datafield tag="040" ind1=" " ind2=" ">
    <subfield code="a">StEdNL</subfield>
    <subfield code="b">eng</subfield>
    <subfield code="c">StEdNL</subfield>
  </datafield>
  <datafield tag="110" ind1="2" ind2=" ">
    <subfield code="a">Online Learning In Virtual Environments with SLOODLE (Project)</subfield>
  </datafield>
  <datafield tag="670" ind1=" " ind2=" ">
    <subfield code="a">Online Learning In Virtual Environments with SLOODLE, 2009, c2008:</subfield>
    <subfield code="b">foreword ([an] Eduserv funded project) p. 1 (funded and supported by the Eduserv Foudation ... from the end of July 2007 until the end of Oct. 2009)</subfield>
  </datafield>
</record>